@misc{laures-mcclure-mult,
  doi = {10.48550/ARXIV.0907.2367},
  
  url = {https://arxiv.org/abs/0907.2367},
  
  author = {Laures, Gerd and McClure, James E.},
  
  keywords = {Algebraic Topology (math.AT), Geometric Topology (math.GT), FOS: Mathematics, FOS: Mathematics, 55P43, 57R67, 57P10},
  
  title = {Multiplicative properties of Quinn spectra},
  
  publisher = {arXiv},
  
  year = {2009},
  
  copyright = {arXiv.org perpetual, non-exclusive license}
}

@misc{laures-mcclure-comm,
  doi = {10.48550/ARXIV.1304.4759},
  
  url = {https://arxiv.org/abs/1304.4759},
  
  author = {Laures, Gerd and McClure, James E.},
  
  keywords = {Algebraic Topology (math.AT), FOS: Mathematics, FOS: Mathematics, 55P43, 57R67, 57P10},
  
  title = {Commutativity properties of Quinn spectra},
  
  publisher = {arXiv},
  
  year = {2013},
  
  copyright = {arXiv.org perpetual, non-exclusive license}
}

@misc{kreck-zoo,
  doi = {10.48550/ARXIV.1805.02409},
  
  url = {https://arxiv.org/abs/1805.02409},
  
  author = {Kreck, Matthias},
  
  keywords = {Algebraic Topology (math.AT), FOS: Mathematics, FOS: Mathematics},
  
  title = {A zoo of geometric homology theories},
  
  publisher = {arXiv},
  
  year = {2018},
  
  copyright = {arXiv.org perpetual, non-exclusive license}
}

@misc{weber,
  doi = {10.48550/ARXIV.MATH/0606558},
  
  url = {https://arxiv.org/abs/math/0606558},
  
  author = {Weber, Julia},
  
  keywords = {Algebraic Topology (math.AT), FOS: Mathematics, FOS: Mathematics, 55N20, 57R90, 57R99 (Primary); 55N91, 57R85 (Secondary)},
  
  title = {Euler homology},
  
  publisher = {arXiv},
  
  year = {2006},
  
  copyright = {Assumed arXiv.org perpetual, non-exclusive license to distribute this article for submissions made before January 2004}
}

@BOOK{EKMM,
  title     = "Rings, Modules, and Algebras in Stable Homotopy Theory",
  author    = "Elmendorf, A D and Kriz, I and Mandell, M A and May, J Peter and
               Cole, M",
  abstract  = "Introduction Prologue: the category of $\{\mathbb L\}$-spectra
               Structured ring and module spectra The homotopy theory of
               $R$-modules The algebraic theory of $R$-modules $R$-ring spectra
               and the specialization to $MU$ Algebraic $K$-theory of
               $S$-algebras $R$-algebras and topological model categories
               Bousfield localizations of $R$-modules and algebras Topological
               Hochschild homology and cohomology Some basic constructions on
               spectra Spaces of linear isometries and technical theorems The
               monadic bar construction Epilogue: The category of $\{\mathbb
               L\}$-spectra under $S$ Appendix A. Twisted half-smash products
               and function spectra Bibliography Index.",
  publisher = "American Mathematical Society",
  series    = "Mathematical Surveys and Monographs",
  month     =  apr,
  year      =  2007,
  address   = "Providence, RI"
}

@article{orientable-mod-2,
	doi = {10.1093/imrn/rny154},
  
	url = {https://doi.org/10.1093%2Fimrn%2Frny154},
  
	year = 2018,
	month = {jul},
  
	publisher = {Oxford University Press ({OUP})},
  
	volume = {2020},
  
	number = {14},
  
	pages = {4496--4511},
  
	author = {Renee S Hoekzema},
  
	title = {Manifolds with Odd Euler Characteristic and Higher Orientability},
  
	journal = {International Mathematics Research Notices}
}

@Book{kreck-diff-alg-top,
 Author = {Kreck, Matthias},
 Title = {Differential algebraic topology. {From} stratifolds to exotic spheres},
 FSeries = {Graduate Studies in Mathematics},
 Series = {Grad. Stud. Math.},
 ISSN = {1065-7338},
 Volume = {110},
 ISBN = {978-0-8218-4898-2},
 Year = {2010},
 Publisher = {Providence, RI: American Mathematical Society (AMS)},
 Language = {English},
 Keywords = {57-01,55-01,55R40,57R20,57R55},
 zbMATH = {5714474},
 Zbl = {1420.57002}
}

@Article{minatta,
 Author = {Minatta, Augusto},
 Title = {Signature homology},
 FJournal = {Journal f{\"u}r die Reine und Angewandte Mathematik},
 Journal = {J. Reine Angew. Math.},
 ISSN = {0075-4102},
 Volume = {592},
 Pages = {79--122},
 Year = {2006},
 Language = {English},
 DOI = {10.1515/CRELLE.2006.024},
 Keywords = {57N80,55N35,55N20},
 zbMATH = {5016854},
 Zbl = {1087.57016}
}

@InCollection{quinn,
 Author = {Quinn, Frank},
 Title = {Assembly maps in bordism-type theories},
 BookTitle = {Novikov conjectures, index theorems and rigidity. Vol. 1. Based on a conference of the Mathematisches Forschungsinstitut Oberwolfach held in September 1993},
 ISBN = {0-521-49796-5},
 Pages = {201--271},
 Year = {1995},
 Publisher = {Cambridge: Cambridge University Press},
 Language = {English},
 Keywords = {57R67,19J25},
 zbMATH = {1452536},
 Zbl = {0995.57503}
}

@Article{baker-richter,
 Author = {Baker, Andrew and Richter, Birgit},
 Title = {On the {{\(\Gamma\)}}-cohomology of rings of numerical polynomials and {{\(E_\infty\)}} structures on {{\(K\)}}-theory},
 FJournal = {Commentarii Mathematici Helvetici},
 Journal = {Comment. Math. Helv.},
 ISSN = {0010-2571},
 Volume = {80},
 Number = {4},
 Pages = {691--723},
 Year = {2005},
 Language = {English},
 DOI = {10.4171/CMH/31},
 Keywords = {55P43,55N15,13D03},
 zbMATH = {2242659},
 Zbl = {1094.55010}
}

@Book{structured-ring-spectra,
 Editor = {Baker, Andrew and Richter, Birgit},
 Title = {Structured ring spectra},
 FSeries = {London Mathematical Society Lecture Note Series},
 Series = {Lond. Math. Soc. Lect. Note Ser.},
 ISSN = {0076-0552},
 Volume = {315},
 ISBN = {0-521-60305-6},
 Year = {2004},
 Publisher = {Cambridge: Cambridge University Press},
 Language = {English},
 Keywords = {55-06,00B25},
 zbMATH = {2120361},
 Zbl = {1051.55001}
}